% Encoding: UTF-8

@Misc{istqb_specification,
  title        = {ISTQB glossary -- Specification [Электронный ресурс]},
  howpublished = {Электронные данные},
  note         = {Режим доступа: http://glossary.astqb.org/search/specification. --- Дата доступа: 09.05.2021},
}

@Misc{wiki_mine,
  title        = {Майнинг [Электронный ресурс]},
  howpublished = {Электронные данные},
  note         = {Режим доступа: https://ru.wikipedia.org/wiki/Майнинг --- Дата доступа: 08.05.2021},
  timestamp    = {2020-05-08},
}

@Misc{wiki_exchange,
  title        = {Валютная биржа [Электронный ресурс]},
  howpublished = {Электронные данные},
  note         = {Режим доступа: https://ru.wikipedia.org/wiki/Валютная\_биржа --- Дата доступа: 08.05.2021},
  timestamp    = {2020-05-08},
}

@Misc{wiki_vue,
  title        = {Vue.js [Электронный ресурс]},
  howpublished = {Электронные данные},
  note         = {Режим доступа: https://ru.wikipedia.org/wiki/Vue.js --- Дата доступа: 08.05.2021},
  timestamp    = {2020-05-08},
}

@Misc{wiki_soa,
  title        = {Сервис-ориентированная архитектура [Электронный ресурс]},
  howpublished = {Электронные данные},
  note         = {Режим доступа: https://ru.wikipedia.org/wiki/Сервис-ориентированная\_архитектура --- Дата доступа: 08.05.2021},
  timestamp    = {2020-06-08},
}

@Misc{wiki_dodiez,
  title        = {C Sharp [Электронный ресурс]},
  howpublished = {Электронные данные},
  note         = {Режим доступа: https://ru.wikipedia.org/wiki/CSharp --- Дата доступа: 08.05.2021},
  timestamp    = {2020-06-08},
}

@Misc{wiki_nuget,
  title        = {NuGet [Электронный ресурс]},
  howpublished = {Электронные данные},
  note         = {Режим доступа: https://ru.wikipedia.org/wiki/NuGet --- Дата доступа: 08.05.2021},
  timestamp    = {2020-06-08},
}

@Misc{wiki_oauth,
  title        = {OAuth [Электронный ресурс]},
  howpublished = {Электронные данные},
  note         = {Режим доступа: https://ru.wikipedia.org/wiki/OAuth --- Дата доступа: 08.05.2021},
  timestamp    = {2020-06-08},
}

@Misc{wiki_idenityserver,
  title        = {IdenityServer4 [Электронный ресурс]},
  howpublished = {Электронные данные},
  note         = {Режим доступа: https://identityserver4.readthedocs.io/ --- Дата доступа: 10.05.2021},
  timestamp    = {2020-06-08},
}

@Misc{habr_soa,
  title        = {Сервис-ориентированная архитектура [Электронный ресурс]},
  howpublished = {Электронные данные},
  note         = {Режим доступа: https://habr.com/ru/company/mailru/blog/342526/ --- Дата доступа: 08.05.2021},
  timestamp    = {2020-06-08},
}

@Misc{nbrb,
  title        = {Динамика ставок кредитно-депозитного рынка / Национальный банк Республики Беларусь [Электронный ресурс]},
  howpublished = {Электронные данные},
  note         = {Режим доступа: https://www.nbrb.by/statistics/creditdepositmarketrates --- Дата доступа: 12.05.2021},
  timestamp    = {2020-06-08},
}

@Book{code_complete,
  title     = {Совершенный код. Мастер-класс / Пер. с англ.},
  publisher = {Издательско-торговый дом <<Русская редакция>>},
  year      = {2010},
  author    = {С. Макконнелл},
  address   = {М.},
  language  = {russian},
  pages     = {896},
}

@Misc{enity_framework,
  title        = {Enity Framework [Электронный ресурс]},
  howpublished = {Электронные данные},
  note         = {Режим доступа: https://docs.microsoft.com/en-us/ef/ --- Дата доступа: 08.05.2021},
  timestamp    = {2020-06-08},
}

@Misc{mass_transit,
  title        = {MassTransit [Электронный ресурс]},
  howpublished = {Электронные данные},
  note         = {Режим доступа: https://masstransit-project.com/ --- Дата доступа: 08.05.2021},
  timestamp    = {2020-06-08},
}

@Misc{analogue_1,
  title        = {Jira [Электронный ресурс]},
  howpublished = {Электронные данные},
  note         = {Режим доступа: https://www.atlassian.com/ru/software/jira --- Дата доступа: 08.05.2021},
  timestamp    = {2020-06-08},
}

@Misc{analogue_2,
  title        = {Youtrack [Электронный ресурс]},
  howpublished = {Электронные данные},
  note         = {Режим доступа: https://www.jetbrains.com/youtrack/ --- Дата доступа: 08.05.2021},
  timestamp    = {2020-06-08},
}

@Misc{analogue_3,
  title        = {Trello [Электронный ресурс]},
  howpublished = {Электронные данные},
  note         = {Режим доступа: https://trello.com/ --- Дата доступа: 08.05.2021},
  timestamp    = {2020-06-08},
}

@Misc{analogue_4,
  title        = {Azure DevOps Server [Электронный ресурс]},
  howpublished = {Электронные данные},
  note         = {Режим доступа: https://azure.microsoft.com/en-us/services/devops/server/ --- Дата доступа: 08.05.2021},
  timestamp    = {2020-06-08},
}

@Misc{doxygen,
  title        = {Doxygen [Электронный ресурс]},
  howpublished = {Электронные данные},
  note         = {Режим доступа: http://www.doxygen.nl --- Дата доступа: 10.05.2021},
  timestamp    = {2020-06-10},
}

@Misc{limit_order,
  title        = {Типы ордеров на бирже [Электронный ресурс]},
  howpublished = {Электронные данные},
  note         = {Режим доступа: http://profitraders.com/Bases/Orders.html --- Дата доступа: 10.05.2021},
  timestamp    = {2020-06-10},
}

@Misc{log_lib,
  title        = {Библиотека log15 [Электронный ресурс]},
  howpublished = {Электронные данные},
  note         = {Режим доступа: https://github.com/ethereum/go-ethereum/tree/master/log). --- Дата доступа: 10.05.2021},
  timestamp    = {2020-06-10},
}

@Misc{gnu_cli,
  title        = {GNU Command Line Interface Standard [Электронный ресурс]},
  howpublished = {Электронные данные},
  note         = {Режим доступа: https://www.gnu.org/prep/standards/html\_node/Command\_002dLine-Interfaces.html). --- Дата доступа: 10.05.2021},
  timestamp    = {2020-06-10},
}

@Misc{golang,
  title        = {Go [Электронный ресурс]},
  howpublished = {Электронные данные},
  note         = {Режим доступа: https://ru.wikipedia.org/wiki/Go). --- Дата доступа: 10.05.2021},
  timestamp    = {2020-06-10},
}


@Misc{log15,
  title        = {log15 [Электронный ресурс]},
  howpublished = {Электронные данные},
  note         = {Режим доступа: https://github.com/inconshreveable/log15). --- Дата доступа: 10.05.2021},
  timestamp    = {2020-06-10},
}

@Misc{pflag,
  title        = {pflag [Электронный ресурс]},
  howpublished = {Электронные данные},
  note         = {Режим доступа: https://github.com/spf13/pflag). --- Дата доступа: 10.05.2021},
  timestamp    = {2020-06-10},
}

@Misc{viper,
  title        = {viper [Электронный ресурс]},
  howpublished = {Электронные данные},
  note         = {Режим доступа: https://github.com/spf13/viper). --- Дата доступа: 10.05.2021},
  timestamp    = {2020-06-10},
}

@Misc{rabbitmq,
  title        = {RabbitMQ [Электронный ресурс]},
  howpublished = {Электронные данные},
  note         = {Режим доступа: https://ru.wikipedia.org/wiki/RabbitMQ). --- Дата доступа: 10.05.2021},
  timestamp    = {2020-06-10},
}

@Book{patterns,
  title     = {Pattern-Oriented Software Architecture Volume 1: A System of Patterns},
  publisher = {John Wiley \& Sons},
  year      = {1996},
  author    = {Buschmann, F. and Meunier, R. and Rohnert, H. and Sommerlad, P. and Stal, M.},
  language  = {english},
  pages     = {487},
}

@Misc{redis,
  title        = {Redis [Электронный ресурс]},
  howpublished = {Электронные данные},
  note         = {Режим доступа: https://ru.wikipedia.org/wiki/Redis). --- Дата доступа: 10.05.2021},
  timestamp    = {2020-06-10},
}

@Misc{mongo,
  title        = {MongoDB [Электронный ресурс]},
  howpublished = {Электронные данные},
  note         = {Режим доступа: https://ru.wikipedia.org/wiki/MongoDB. --- Дата доступа: 10.05.2021},
  timestamp    = {2020-06-10},
}

@Misc{clickhouse,
  title        = {ClickHouse [Электронный ресурс]},
  howpublished = {Электронные данные},
  note         = {Режим доступа: https://ru.wikipedia.org/wiki/ClickHouse). --- Дата доступа: 10.05.2021},
  timestamp    = {2020-06-10},
}

@Misc{protobuf,
  title        = {Protocol Buffers [Электронный ресурс]},
  howpublished = {Электронные данные},
  note         = {Режим доступа: https://ru.wikipedia.org/wiki/Protocol\_Buffers). --- Дата доступа: 10.05.2021},
  timestamp    = {2020-06-10},
}

@Misc{grpc,
  title        = {Введение в gRPC [Электронный ресурс]},
  howpublished = {Электронные данные},
  note         = {Режим доступа: https://blog.maddevs.io/introduction-to-grpc-6de0d9c0fe61). --- Дата доступа: 10.05.2021},
  timestamp    = {2020-06-10},
}

@Misc{admin_web_server,
  title        = {Администрирование веб-сервера | Настройка и техническое обслуживание веб-сервера [Электронный ресурс]},
  howpublished = {Электронные данные},
  note         = {Режим доступа: https://hoster.by/service/solutions/administration-web/. --- Дата доступа: 12.05.2021},
  timestamp    = {2021-05-12},
}

@Misc{contex_advertisment,
  title        = {Контекстная реклама в Минске, заказать настройку и размещение контекстной рекламы в Беларуси, стоимость контекстной рекламы [Электронный ресурс]},
  howpublished = {Электронные данные},
  note         = {Режим доступа: : https://www.promo-webcom.by/services/context-advert/. --- Дата доступа: 12.05.2021},
  timestamp    = {2021-05-12},
}


@Book{jwt,
  title     = {JSON Web Token: Third Edition},
  publisher = {CreateSpace Independent Publishing Platform},
  year      = {2018},
  author    = {Gerardus Blokdyk},
  language  = {english},
  pages     = {134},
}

################################

@Book{gost_19.701,
  title     = {ГОСТ 19.701-90. Единая система программной документации. Схемы алгоритмов, программ, данных и систем. Условные обозначения и правила выполнения.},
  publisher = {Издательство стандартов},
  year      = {1991},
  address   = {М.},
  note      = {Введ. 01.01.1992},
}

@Book{gluhova,
  title     = {Основы алгоритмизации и программирования: лаб. практикум для студ. спец. 1-40 01 01 "Программное обеспечение информационных технологий" дневной формы обуч. В 4 ч.},
  publisher = {БГУИР},
  year      = {2004},
  author    = {Л. А. Глухова and Е. П. Фадеева and Е. Е. Фадеева},
  address   = {Минск},
}

@Book{domanov,
  title     = {Стандарт предприятия. Дипломные проекты (работы). Общие требования.},
  publisher = {БГУИР},
  year      = {2010},
  author    = {А. Т. Доманов and Н. И. Сорока},
  address   = {Минск},
}

@Book{kulikov,
  title     = {Работа с MySQL, MS SQL Server и Oracle в примерах. Практическое пособие для программистов и тестировщиков .},
  publisher = {EPAM Systems, RD Dep.},
  year      = {2016},
  author    = {С. С. Куликов},
  note      = {http://svyatoslav.biz/database\_book/},
}

@Book{practical_tutorial_sql,
  title     = {Практическое руководство по SQL},
  publisher = {Вильямс},
  year      = {2002},
  author    = {Дж. Боуман and С. Эмерсон and М. Дарновски},
}

@Book{gost_7.0,
  title     = {ГОСТ 7.0-99 Информационно-библиотечная деятельность, библиография. Термины и определения},
  publisher = {Межгосударственный совет по стандартизации, метрологии и сертификации},
  year      = {1999},
  address   = {М.},
}

@Misc{iso_iec_it_vocabulary,
  title        = {ISO/IEC 2382-1:1993, Information technology — Vocabulary — Part 1: Fundamental terms [Электронный ресурс]},
  howpublished = {Электронные данные},
  note         = {Режим доступа: https://www.iso.org/obp/ui/\#iso:std:iso-iec-ieee:2382:ed-1:v1:en. --- Дата доступа: 11.12.16},
  timestamp    = {2016-12-11},
}

@Misc{habr_db_tutorial,
  title        = {Руководство по проектированию реляционных баз данных (1-3 часть из 15) [Электронный ресурс]},
  howpublished = {Электронные данные},
  note         = {Режим доступа: https://habrahabr.ru/post/193136/. --- Дата доступа: 11.12.16},
}

@Misc{habr_crossplatform,
  title        = {Как правильно переходить границу: кроссплатформенность в мобильном приложении [Электронный ресурс]},
  howpublished = {Электронные данные},
  note         = {Режим доступа: https://habrahabr.ru/company/parallels/blog/254325/. --- Дата доступа: 26.03.17},
}

@Book{kulikov_db_workbook,
  title   = {Базы данных. Рабочая тетрадь.},
  author  = {С. С. Куликов},
  address = {Минск},
}

@Article{codd,
  author  = {E. F. Codd},
  title   = {A Relational Model of Data for Large Shared Data Banks},
  journal = {Communication of the ACM},
  year    = {1970},
  volume  = {13},
  number  = {6},
}

@Misc{wiki_codd,
  title        = {Edgar F. Codd [Электронный ресурс]},
  howpublished = {Электронные данные},
  note         = {Режим доступа: https://en.wikipedia.org/wiki/Edgar\_F.\_Codd. --- Дата доступа: 11.12.16},
  timestamp    = {2016-12-11},
}

@Book{architecture_volosevich,
  title     = {Архитектура программного обеспечения: Курс лекций для студентов специальности 1-40 01 03 Информатика и технологии программирования},
  publisher = {БГУИР},
  year      = {2013},
  author    = {А. А. Волосевич},
  address   = {Минск},
}

@Book{application_architecture_guide,
  title     = {Microsoft® Application Architecture Guide (Patterns \& Practices)},
  publisher = {Microsoft Press},
  year      = {2009},
  author    = {Microsoft Patterns \& Practices Team},
  isbn      = {9780735627109},
}

@InBook{introduction_to_architecture,
  title     = {An Introduction to Software Architecture},
  publisher = {World Scientific Publishing Company},
  year      = {1994},
  author    = {David Garlan and Mary Shaw},
  editor    = {V Ambriola and G Tortora},
  volume    = {I},
  address   = {New Jersey},
  journal   = {Advances in Software Engineering and Knowledge Engineering},
  howpublished = {Электронные данные},
  note         = {Режим доступа: http://www.cs.cmu.edu/afs/cs/project/able/ftp/intro\_softarch/intro\_softarch.pdf. --- Дата доступа: 28.03.17},
}


@Book{palitsyn,
  title     = {Технико-экономическое обоснование дипломных проектов: Метод. пособие для студ. всех спец. БГУИР. В 4-х ч. Ч. 4: Проекты программного обеспечения},
  publisher = {БГУИР},
  year      = {2006},
  author    = {В.А. Палицын},
  address   = {Мн},
  isbn      = {9854449068},
  note      = {76~с.},
}

@Misc{labour_calendar,
  author       = {Е.А. Пещенко},
  title        = {Производственный календарь на 2017 год [Электронный ресурс]},
  howpublished = {Электронные данные},
  note         = {Режим доступа: http://www.mintrud.gov.by/system/extensions/spaw/uploads/files/Kommetarij-2017-RV.pdf. --- Дата доступа: 06.04.17},
}

@Misc{belstat_average_wage,
  author       = {Белстат},
  title        = {О начисленной средней заработной плате работников в феврале 2017 г. [Электронный ресурс]},
  howpublished = {Электронные данные},
  note         = {Режим доступа: http://www.belstat.gov.by/ofitsialnaya-statistika/solialnaya-sfera/trud/operativnaya-informatsiya\_8/o-nachislennoi-srednei-zarabotnoi-plate-rabotnikov/o-nachislennoy-sredney-zarabotnoy-plate-rabotnikov-v-fevrale-2017-nbsp-g/. --- Дата доступа: 07.04.17},
}

@Comment{jabref-meta: databaseType:bibtex;}
